@misc{linux,
	title="Linux Mint 21 overview [Электронный ресурс]",
	howpublished="Режим доступа: \url{https://linuxmint.com} (дата обращения: 17.10.2022)"
}

@misc{intel,
	title="Intel(R) Core(TM) i3-10100F [Электронный ресурс]",
	howpublished="Режим доступа: \url{https://ark.intel.com/content/www/ru/ru/ark/products/203473/intel-core-i310100f-processor-6m-cache-up-to-4-30-ghz.html} (дата обращения: 17.10.2022)"
}

@misc{isocplusplus,
	title="C++ Draft International Standard [Электронный ресурс]",
	howpublished="Режим доступа: \url{https://isocpp.org/files/papers/N4860.pdf} (дата обращения: 17.10.2022)"
}

@misc{cplusplusperfomance,
	title="Technical Report on C++ Performance [Электронный ресурс]",
	howpublished="Режим доступа: \url{https://www.open-std.org/Jtc1/SC22/wg21/docs/papers/2004/n1666.pdf} (дата обращения: 17.10.2022)"
}

@misc{qtdesigner,
	title="THE QT DESIGNER IDE. [Электронный ресурс]",
	howpublished="Режим доступа: \url{https://www.elibrary.ru/item.asp?id=8435081} (дата обращения: 17.10.2022)"
}

@misc{ffmpeg, title="Документация по утилите ffmpeg [Электронный ресурс]",
	howpublished="Режим доступа: \url{https://ffmpeg.org/documentation.html} (дата обращения: 17.10.2022)"}
}

@misc{3d, title="An Overview of 3D Data Content, File Formats and Viewers [Электронный ресурс]",
	howpublished="Режим доступа: \url{http://isda.ncsa.illinois.edu/peter/publications/techreports/2008/NCSA-ISDA-2008-002.pdf} (дата обращения: 17.10.2022)"}
}

@misc{jpgvspng, title="Performance Evaluation of Secrete Image Steganography
	Techniques Using Least Significant Bit (LSB) Method [Электронный ресурс]",
	howpublished="Режим доступа: \url{http://www.ijcstjournal.org/volume-6/issue-2/IJCST-V6I2P30.pdf} (дата обращения: 17.10.2022)"}
}

@book{
	rodgers,
	author={Д.~Роджерс, Дж.~Адамс},
	title={<<Математические основы машинной графики>>},
	publisher={Москва-Мир},
	year={2001},
	pages={603}
}

@book{
	boreskov,
	author={Боресков~А.~В., Шикин~Е.~В. },
	title={<<Компьютерная графика>>},
	publisher={Издательство Юрайт (Москва)},
	year={2017},
	pages={219}
}

